
@inproceedings{shotton2011,
	author = {Jamie Shotton and Andrew Fitzgibbon and Mat Cook and Toby Sharp and Mark Finocchio and Richard Moore and Alex Kipman and Andrew Blake},
	booktitle = {CVPR},
	title = {{Real-Time Human Pose Recognition in Parts from a Single Depth Image}},
	year = {2011}
}

@inproceedings{newcombe2011,
  title={{KinectFusion: Real-time dense surface mapping and tracking}},
  author={Newcombe, Richard A and Davison, Andrew J and Izadi, Shahram and Kohli, Pushmeet and Hilliges, Otmar and Shotton, Jamie and Molyneaux, David and Hodges, Steve and Kim, David and Fitzgibbon, Andrew},
  booktitle={ISMAR},
  year={2011},
}

@book{szeliski2010,
  title={Computer vision: algorithms and applications},
  author={Szeliski, Richard},
  year={2010},
  publisher={Springer}
}

@book{prince12,
	author = {Prince, S.J.D.},
	title= {{Computer Vision: Models Learning and Inference}},
	publisher = {{Cambridge University Press}},
	year = 2012
}

@article{kolmogorov2006,
  title={Probabilistic fusion of stereo with color and contrast for bilayer segmentation},
  author={Kolmogorov, Vladimir and Criminisi, Antonio and Blake, Andrew and Cross, Geoffrey and Rother, Carsten},
  journal={PAMI},
  year={2006},
}