
@book{prince12,
	author = {Prince, S.J.D.},
	title= {{Computer Vision: Models Learning and Inference}},
	publisher = {{Cambridge University Press}},
	year = 2012
}

@book{grauman2011,
  title={Visual object recognition},
  author={Grauman, Kristen and Leibe, Bastian},
  year={2011},
  publisher={Morgan \& Claypool}
}
