
@inproceedings{shotton2011,
	author = {Jamie Shotton and Andrew Fitzgibbon and Mat Cook and Toby Sharp and Mark Finocchio and Richard Moore and Alex Kipman and Andrew Blake},
	booktitle = {CVPR},
	title = {{Real-Time Human Pose Recognition in Parts from a Single Depth Image}},
	year = {2011}
}

@inproceedings{newcombe2011,
  title={{KinectFusion: Real-time dense surface mapping and tracking}},
  author={Newcombe, Richard A and Davison, Andrew J and Izadi, Shahram and Kohli, Pushmeet and Hilliges, Otmar and Shotton, Jamie and Molyneaux, David and Hodges, Steve and Kim, David and Fitzgibbon, Andrew},
  booktitle={ISMAR},
  year={2011},
}

@book{szeliski2010,
  title={Computer vision: algorithms and applications},
  author={Szeliski, Richard},
  year={2010},
  publisher={Springer}
}

@book{prince12,
	author = {Prince, S.J.D.},
	title= {{Computer Vision: Models Learning and Inference}},
	publisher = {{Cambridge University Press}},
	year = 2012
}

@article{kolmogorov2006,
  title={Probabilistic fusion of stereo with color and contrast for bilayer segmentation},
  author={Kolmogorov, Vladimir and Criminisi, Antonio and Blake, Andrew and Cross, Geoffrey and Rother, Carsten},
  journal={PAMI},
  year={2006},
}

@inproceedings{curless1996,
  title={A volumetric method for building complex models from range images},
  author={Curless, Brian and Levoy, Marc},
  booktitle={Proceedings of the 23rd annual conference on Computer graphics and interactive techniques},
  pages={303--312},
  year={1996},
  organization={ACM}
}

@inproceedings{aiger2008,
  title={4-points congruent sets for robust pairwise surface registration},
  author={Aiger, Dror and Mitra, Niloy J and Cohen-Or, Daniel},
  booktitle={ACM TOG},
  year={2008}
}