
@book{prince12,
	author = {Prince, S.J.D.},
	title= {{Computer Vision: Models Learning and Inference}},
	publisher = {{Cambridge University Press}},
	year = 2012
}

@article{tuytelaars2008,
  title={Local invariant feature detectors: a survey},
  author={Tuytelaars, Tinne and Mikolajczyk, Krystian},
  journal={Foundations and Trends in Computer Graphics and Vision},
  year={2008}
}

@book{szeliski2010,
  title={Computer vision: algorithms and applications},
  author={Szeliski, Richard},
  year={2010},
  publisher={Springer}
}