
@book{prince12,
	author = {Prince, S.J.D.},
	title= {{Computer Vision: Models Learning and Inference}},
	publisher = {{Cambridge University Press}},
	year = 2012
}

@inproceedings{taigman2013,
	title={{Deepface: Closing the gap to human-level performance in face verification}},
	author={Taigman, Yaniv and Yang, Ming and Ranzato, Marc'Aurelio and Wolf, Lior},
	booktitle={CVPR},
	year={2013}
}

@article{lecun1989,
	title={{Backpropagation applied to handwritten zip code recognition}},
	author={LeCun, Yann and Boser, Bernhard and Denker, John S and Henderson, Donnie and Howard, Richard E and Hubbard, Wayne and Jackel, Lawrence D},
	journal={Neural computation},
	year={1989}
}

@inproceedings{shotton2011,
	author = {Jamie Shotton and Andrew Fitzgibbon and Mat Cook and Toby Sharp and Mark Finocchio and Richard Moore and Alex Kipman and Andrew Blake},
	booktitle = {CVPR},
	title = {{Real-Time Human Pose Recognition in Parts from a Single Depth Image}},
	year = {2011}
}

@phdthesis{roberts1963,
  title={Machine perception of three-dimensional solids},
  author={Roberts, Lawrence Gilman},
  year={1963},
  school={MIT}
}

@article{fischler1973,
  title={The representation and matching of pictorial structures},
  author={Fischler, Martin A and Elschlager, Robert A},
  journal={IEEE Transactions on Computers},
  year={1973}
}

@phdthesis{debevec1996,
    AUTHOR  = {Paul E. Debevec},
    TITLE   = {{Modeling and Rendering Architecture from Photographs}},
    SCHOOL  = {Berkley},
    YEAR    = {1996}
}

@inproceedings{snavely2006,
    author = {Noah Snavely and Steven M. Seitz and Richard Szeliski},
    title = {Photo tourism: Exploring photo collections in 3D},
    booktitle = {SIGGRAPH},
    year = {2006}
}

@inproceedings{viola2001,
  title={Rapid object detection using a boosted cascade of simple features},
  author={Viola, Paul and Jones, Michael},
  booktitle={CVPR},
  year={2001}
}