
@inproceedings{taigman2013,
	title={{Deepface: Closing the gap to human-level performance in face verification}},
	author={Taigman, Yaniv and Yang, Ming and Ranzato, Marc'Aurelio and Wolf, Lior},
	booktitle={CVPR},
	year={2013}
}

@article{lecun1989,
	title={{Backpropagation applied to handwritten zip code recognition}},
	author={LeCun, Yann and Boser, Bernhard and Denker, John S and Henderson, Donnie and Howard, Richard E and Hubbard, Wayne and Jackel, Lawrence D},
	journal={Neural computation},
	year={1989}
}

@inproceedings{shotton2011,
	author = {Jamie Shotton and Andrew Fitzgibbon and Mat Cook and Toby Sharp and Mark Finocchio and Richard Moore and Alex Kipman and Andrew Blake},
	booktitle = {CVPR},
	title = {{Real-Time Human Pose Recognition in Parts from a Single Depth Image}},
	year = {2011}
}
