
@article{lecun1989,
    title={{Backpropagation applied to handwritten zip code recognition}},
    author={LeCun, Yann and Boser, Bernhard and Denker, John S and Henderson, Donnie and Howard, Richard E and Hubbard, Wayne and Jackel, Lawrence D},
    journal={Neural computation},
    year={1989}
}

@inproceedings{taigman2013,
    title={{Deepface: Closing the gap to human-level performance in face verification}},
    author={Taigman, Yaniv and Yang, Ming and Ranzato, Marc'Aurelio and Wolf, Lior},
    booktitle={CVPR},
    year={2013}
}

@book{bengio2014,
    title={{Deep Learning (draft)}},
    author={Bengio, Yoshua and Goodfellow, Ian and Courville, Aaron},
    publisher={MIT Press},
    year={2014}
}

@book{bishop2006,
  title={Pattern recognition and machine learning},
  author={Bishop, Christopher},
  year={2006},
  publisher={Springer}
}

@phdthesis{kavukcuoglu2011,
  title={Learning feature hierarchies for object recognition},
  author={Kavukcuoglu, Koray},
  year={2011},
}

@inproceedings{krizhevsky2012,
  title={Imagenet classification with deep convolutional neural networks},
  author={Krizhevsky, Alex and Sutskever, Ilya and Hinton, Geoffrey E},
  booktitle={NIPS},
  year={2012}
}

@article{sermanet2012,
  author    = {Pierre Sermanet and Koray Kavukcuoglu and Soumith Chintala and Yann LeCun},
  title     = {Pedestrian Detection with Unsupervised Multi-Stage Feature Learning},
  journal   = {CoRR},
  year      = {2012},
}