
@phdthesis{kavukcuoglu2011,
  title={Learning feature hierarchies for object recognition},
  author={Kavukcuoglu, Koray},
  year={2011},
}

@book{prince12,
    author = {Prince, S.J.D.},
    title= {{Computer Vision: Models Learning and Inference}},
    publisher = {{Cambridge University Press}},
    year = 2012
}

@book{grauman2011,
  title={Visual object recognition},
  author={Grauman, Kristen and Leibe, Bastian},
  year={2011},
  publisher={Morgan \& Claypool}
}

@inproceedings{viola2001,
  title={Rapid object detection using a boosted cascade of simple features},
  author={Viola, Paul and Jones, Michael},
  year={2001},
}

@book{bengio2015,
  title={{Deep Learning (Draft)}},
  author={Bengio, Yoshua and Goodfellow, Ian and Courville, Aaron},
  publisher={MIT Press},
  year={2015}
}

@article{razavian14,
  author    = {Ali Sharif Razavian and Hossein Azizpour and Josephine Sullivan and Stefan Carlsson},
  title     = {{CNN Features off-the-shelf: an Astounding Baseline for Recognition}},
  year      = {2014}
}

@book{bishop2006,
  title={Pattern recognition and machine learning},
  author={Bishop, Christopher},
  year={2006},
  publisher={Springer}
}

@article{sermanet2012,
  author    = {Pierre Sermanet and Koray Kavukcuoglu and Soumith Chintala and Yann LeCun},
  title     = {Pedestrian Detection with Unsupervised Multi-Stage Feature Learning},
  year      = {2012},
}

@article{zeiler2014,
  title={Visualizing and understanding convolutional networks},
  author={Zeiler, Matthew D and Fergus, Rob},
  year={2014},
}

@article{lecun1989,
    title={{Backpropagation applied to handwritten zip code recognition}},
    author={LeCun, Yann and Boser, Bernhard and Denker, John S and Henderson, Donnie and Howard, Richard E and Hubbard, Wayne and Jackel, Lawrence D},
    year={1989}
}

@inproceedings{taigman2013,
    title={{Deepface: Closing the gap to human-level performance in face verification}},
    author={Taigman, Yaniv and Yang, Ming and Ranzato, Marc'Aurelio and Wolf, Lior},
    year={2013}
}
