
@book{prince12,
	author = {Prince, S.J.D.},
	title= {{Computer Vision: Models Learning and Inference}},
	publisher = {{Cambridge University Press}},
	year = 2012
}

@book{bishop2006,
  title={{Pattern Recognition and Machine Learning}},
  author={Bishop, Christopher and others},
  year={2006},
  publisher={Springer}
}

@book{wright1999,
  title={{Numerical optimization}},
  author={Wright, SJ and Nocedal, J},
  year={1999},
  publisher={{Springer}}
}

@book{boyd2009,
  title={{Convex Optimization}},
  author={Boyd, Stephen and Vandenberghe, Lieven},
  year={2009},
  publisher={{Cambridge University Press}}
}