
@book{szeliski2010,
  title={Computer vision: algorithms and applications},
  author={Szeliski, Richard},
  year={2010},
  publisher={Springer}
}

@book{prince12,
	author = {Prince, S.J.D.},
	title= {{Computer Vision: Models Learning and Inference}},
	publisher = {{Cambridge University Press}},
	year = 2012
}

@book{grauman2011,
  title={Visual object recognition},
  author={Grauman, Kristen and Leibe, Bastian},
  year={2011},
  publisher={Morgan \& Claypool}
}

@article{lowe2004,
  title={Distinctive image features from scale-invariant keypoints},
  author={Lowe, David G},
  year={2004},
}

@article{brown2007,
  title={Automatic panoramic image stitching using invariant features},
  author={Brown, Matthew and Lowe, David G},
  year={2007},
}

@inproceedings{viola2001,
  title={Rapid object detection using a boosted cascade of simple features},
  author={Viola, Paul and Jones, Michael},
  year={2001},
}